%%%%%%%%%%%%%%%%%%%%%%%%%%%%%%%%%%%%%%%%%%%%%%%%%%%%%%%%%%%%%%%%%%%%%%%%%%%%
% FILE    : references.bib
% SUBJECT : BibTeX database for the VTank project and related documents.
% AUTHOR  : (C) Copyright 2009 by Vermont Technical College
%
%%%%%%%%%%%%%%%%%%%%%%%%%%%%%%%%%%%%%%%%%%%%%%%%%%%%%%%%%%%%%%%%%%%%%%%%%%%%

% NOTE: Add items to each section below in alphabetical order!

% ---------
% Web pages
%
% Note that the plain style does not use the 'url' field. Thus URL values are
% put into the 'notes' field below. If we ever switch to a different style we
% might want (or need) to change this.
% ---------------------------------------------------------------------------

@misc{boost,
  title = {Boost home page},
  note = {\url{http://www.boost.org/}}
}

@misc{ccnet,
  title = {{CruiseControl.NET} home page},
  note = {\url{http://ccnet.thoughtworks.com/}}
}

@misc{dia,
  title = {Dia home page},
  note = {\url{http://live.gnome.org/Dia}}
}

@misc{ice,
  title = {Ice home page},
  note = {\url{http://www.zeroc.com/}}
}

@misc{latex,
  title = {{\LaTeX} home page},
  note = {\url{http://www.latex-project.org/}}
}

@misc{miktex,
  title = {{MiKTeX} home page},
  note = {\url{http://www.miktex.org/}}
}

@misc{nsis,
  title = {{NSIS} home page},
  note = {\url{http://nsis.sourceforge.net/}}
}

@misc{pc-lint,
  title = {{PC-Lint} home page},
  note = {\url{http://www.gimpel.com/}}
}
  
@misc{texniccenter,
  title = {{TeXnicCenter} home page},
  note = {\url{http://www.texniccenter.org/}}
}

@misc{threadpool,
  title = {Threadpool home page},
  note = {\url{http://threadpool.sourceforge.net/}}
}

@misc{wxWidgets,
  title = {{wxWidgets} home page},
  note = {\url{http://www.wxwidgets.org/}}
}

% -----
% Books
% -----

@book{Grootjans-XNA,
  author = {Riemer Grootjans},
  title = {{XNA} 3.0 Game Programming Recipes},
  publisher = {Apress},
  year = {2009},
  isbn = {978-1-4302-1855-5}  
}
